
@inproceedings{chazette_end-users_nodate,
	title    = {Do {End}-{Users} {Want} {Explanations}? {Analyzing} the {Role} of {Explainability} as an {Emerging} {Aspect} of {Non}-{Functional} {Requirements}},
	author   = {Chazette, Larissa and Karras, Oliver and Schneider, Kurt},
	keywords = {Decision making, Explanations, Interpretability, Measurement, Non-Functional Requirements, Privacy, Qualitative Evaluation, Software quality, Software systems, Software Transparency, Stakeholders},
	pages    = {11},
	year     = {2019},
	doi      = {10.1109/RE.2019.00032}
}

@article{waa_evaluating_2021,
	title   = {Evaluating {XAI}: {A} comparison of rule-based and example-based explanations},
	volume  = {291},
	issn    = {0004-3702},
	doi     = {10.1016/j.artint.2020.103404},
	journal = {Artificial Intelligence},
	author  = {Waa, Jasper van der and Nieuwburg, Elisabeth and Cremers, Anita and Neerincx, Mark},
	year    = {2021},
	pages   = {103404},
}

@inproceedings{sokol_explainability_2020,
	address   = {New York, NY, USA},
	series    = {{FAT}* '20},
	title     = {Explainability {Fact} {Sheets}: {A} {Framework} for {Systematic} {Assessment} of {Explainable} {Approaches}},
	isbn      = {978-1-4503-6936-7},
	booktitle = {Proceedings of the 2020 {Conference} on {Fairness}, {Accountability}, and {Transparency}},
	publisher = {Association for Computing Machinery},
	author    = {Sokol, Kacper and Flach, Peter},
	year      = {2020},
	note      = {event-place: Barcelona, Spain},
	pages     = {56--67},
	doi       = {10.1145/3351095.3372870}
}

@inproceedings{balog_measuring_2020,
	address   = {New York, NY, USA},
	series    = {{SIGIR} '20},
	title     = {Measuring {Recommendation} {Explanation} {Quality}: {The} {Conflicting} {Goals} of {Explanations}},
	isbn      = {978-1-4503-8016-4},
	booktitle = {Proceedings of the 43rd {International} {ACM} {SIGIR} {Conference} on {Research} and {Development} in {Information} {Retrieval}},
	publisher = {Association for Computing Machinery},
	author    = {Balog, Krisztian and Radlinski, Filip},
	year      = {2020},
	note      = {event-place: Virtual Event, China},
	keywords  = {evaluation, explanations, recommendations},
	pages     = {329--338},
	doi       = {10.1145/3397271.3401032}
}

@inproceedings{eiband_impact_2019,
	address   = {New York, NY, USA},
	series    = {{CHI} {EA} '19},
	title     = {The {Impact} of {Placebic} {Explanations} on {Trust} in {Intelligent} {Systems}},
	isbn      = {978-1-4503-5971-9},
	booktitle = {Extended {Abstracts} of the 2019 {CHI} {Conference} on {Human} {Factors} in {Computing} {Systems}},
	publisher = {Association for Computing Machinery},
	author    = {Eiband, Malin and Buschek, Daniel and Kremer, Alexander and Hussmann, Heinrich},
	year      = {2019},
	note      = {event-place: Glasgow, Scotland Uk},
	keywords  = {explainability, explanations, intelligent systems, transparency, XAI},
	pages     = {1--6},
	doi       = {10.1145/3290607.3312787}
}

@inproceedings{mohseni_quantitative_2021,
	address   = {New York, NY, USA},
	series    = {{IUI} '21},
	title     = {Quantitative {Evaluation} of {Machine} {Learning} {Explanations}: {A} {Human}-{Grounded} {Benchmark}},
	isbn      = {978-1-4503-8017-1},
	booktitle = {26th {International} {Conference} on {Intelligent} {User} {Interfaces}},
	publisher = {Association for Computing Machinery},
	author    = {Mohseni, Sina and Block, Jeremy E and Ragan, Eric},
	year      = {2021},
	note      = {event-place: College Station, TX, USA},
	pages     = {22--31},
	doi       = {10.1145/3397481.3450689}
}

@inproceedings{ehsan_operationalizing_2021,
	address   = {New York, NY, USA},
	series    = {{CHI} {EA} '21},
	title     = {Operationalizing {Human}-{Centered} {Perspectives} in {Explainable} {AI}},
	isbn      = {978-1-4503-8095-9},
	booktitle = {Extended {Abstracts} of the 2021 {CHI} {Conference} on {Human} {Factors} in {Computing} {Systems}},
	publisher = {Association for Computing Machinery},
	author    = {Ehsan, Upol and Wintersberger, Philipp and Liao, Q. Vera and Mara, Martina and Streit, Marc and Wachter, Sandra and Riener, Andreas and Riedl, Mark O.},
	year      = {2021},
	note      = {event-place: Yokohama, Japan},
	doi       = {10.1145/3411763.3441342}
}

@inproceedings{mucha_interfaces_2021,
	address   = {New York, NY, USA},
	series    = {{CHI} {EA} '21},
	title     = {Interfaces for {Explanations} in {Human}-{AI} {Interaction}: {Proposing} a {Design} {Evaluation} {Approach}},
	isbn      = {978-1-4503-8095-9},
	booktitle = {Extended {Abstracts} of the 2021 {CHI} {Conference} on {Human} {Factors} in {Computing} {Systems}},
	publisher = {Association for Computing Machinery},
	author    = {Mucha, Henrik and Robert, Sebastian and Breitschwerdt, Ruediger and Fellmann, Michael},
	year      = {2021},
	note      = {event-place: Yokohama, Japan},
	doi       = {10.1145/3411763.3451759}
}

@inproceedings{kouki_user_2017,
	address   = {New York, NY, USA},
	series    = {{RecSys} '17},
	title     = {User {Preferences} for {Hybrid} {Explanations}},
	isbn      = {978-1-4503-4652-8},
	doi       = {10.1145/3109859.3109915},
	booktitle = {Proceedings of the {Eleventh} {ACM} {Conference} on {Recommender} {Systems}},
	publisher = {Association for Computing Machinery},
	author    = {Kouki, Pigi and Schaffer, James and Pujara, Jay and O'Donovan, John and Getoor, Lise},
	year      = {2017},
	note      = {event-place: Como, Italy},
	keywords  = {explanations, hybrid explanations, hybrid recommendations},
	pages     = {84--88}
}

@inproceedings{abdulrahman_belief-based_2019,
	address   = {New York, NY, USA},
	series    = {{IVA} '19},
	title     = {Belief-{Based} {Agent} {Explanations} to {Encourage} {Behaviour} {Change}},
	isbn      = {978-1-4503-6672-4},
	doi       = {10.1145/3308532.3329444},
	booktitle = {Proceedings of the 19th {ACM} {International} {Conference} on {Intelligent} {Virtual} {Agents}},
	publisher = {Association for Computing Machinery},
	author    = {Abdulrahman, Amal and Richards, Deborah and Ranjbartabar, Hedieh and Mascarenhas, Samuel},
	year      = {2019},
	note      = {event-place: Paris, France},
	keywords  = {behaviour change, explainable ai, Explanation: Kind, intelligent virtual agents},
	pages     = {176--178}
}

@inproceedings{tsai_evaluating_2019,
	address   = {New York, NY, USA},
	series    = {{UMAP} '19},
	title     = {Evaluating {Visual} {Explanations} for {Similarity}-{Based} {Recommendations}: {User} {Perception} and {Performance}},
	isbn      = {978-1-4503-6021-0},
	doi       = {10.1145/3320435.3320465},
	booktitle = {Proceedings of the 27th {ACM} {Conference} on {User} {Modeling}, {Adaptation} and {Personalization}},
	publisher = {Association for Computing Machinery},
	author    = {Tsai, Chun-Hua and Brusilovsky, Peter},
	year      = {2019},
	note      = {event-place: Larnaca, Cyprus},
	keywords  = {Explanation: Design, Explanation: Evaluation Method, recommendation, similarity-based, visual explanation},
	pages     = {22--30}
}

@inproceedings{hernandez-bocanegra_effects_2020,
	address   = {New York, NY, USA},
	series    = {{UMAP} '20 {Adjunct}},
	title     = {Effects of {Argumentative} {Explanation} {Types} on the {Perception} of {Review}-{Based} {Recommendations}},
	isbn      = {978-1-4503-7950-2},
	doi       = {10.1145/3386392.3399302},
	booktitle = {Adjunct {Publication} of the 28th {ACM} {Conference} on {User} {Modeling}, {Adaptation} and {Personalization}},
	publisher = {Association for Computing Machinery},
	author    = {Hernandez-Bocanegra, Diana C. and Donkers, Tim and Ziegler, Jürgen},
	year      = {2020},
	note      = {event-place: Genoa, Italy},
	keywords  = {Explanation: Evaluation Method, Explanation: Kind, explanations, recommender systems, user study},
	pages     = {219--225}
}

@inproceedings{brennen_what_2020,
	address   = {New York, NY, USA},
	series    = {{CHI} {EA} '20},
	title     = {What {Do} {People} {Really} {Want} {When} {They} {Say} {They} {Want} Explainable AI? We {Asked} 60 {Stakeholders}.},
	isbn      = {978-1-4503-6819-3},
	doi       = {10.1145/3334480.3383047},
	booktitle = {Extended {Abstracts} of the 2020 {CHI} {Conference} on {Human} {Factors} in {Computing} {Systems}},
	publisher = {Association for Computing Machinery},
	author    = {Brennen, Andrea},
	year      = {2020},
	note      = {event-place: Honolulu, HI, USA},
	keywords  = {data science, explainable AI, interface design, machine learning, UI/UX design, user research},
	pages     = {1--7}
}

@inproceedings{stange_effects_2021,
	address   = {New York, NY, USA},
	series    = {{HRI} '21 {Companion}},
	title     = {Effects of {Referring} to {Robot} vs. {User} {Needs} in {Self}-{Explanations} of {Undesirable} {Robot} {Behavior}},
	isbn      = {978-1-4503-8290-8},
	doi       = {10.1145/3434074.3447174},
	booktitle = {Companion of the 2021 {ACM}/{IEEE} {International} {Conference} on {Human}-{Robot} {Interaction}},
	publisher = {Association for Computing Machinery},
	author    = {Stange, Sonja and Kopp, Stefan},
	year      = {2021},
	note      = {event-place: Boulder, CO, USA},
	keywords  = {empirical study, explainability, human-robot interaction},
	pages     = {271--275}
}

@inproceedings{kunkel_let_2019,
	address   = {New York, NY, USA},
	series    = {{CHI} '19},
	title     = {Let {Me} {Explain}: {Impact} of {Personal} and {Impersonal} {Explanations} on {Trust} in {Recommender} {Systems}},
	isbn      = {978-1-4503-5970-2},
	doi       = {10.1145/3290605.3300717},
	booktitle = {Proceedings of the 2019 {CHI} {Conference} on {Human} {Factors} in {Computing} {Systems}},
	publisher = {Association for Computing Machinery},
	author    = {Kunkel, Johannes and Donkers, Tim and Michael, Lisa and Barbu, Catalin-Mihai and Ziegler, Jürgen},
	year      = {2019},
	note      = {event-place: Glasgow, Scotland Uk},
	keywords  = {counterfactual analysis, explanations, recommender systems, structural equation modelling, trust, user study},
	pages     = {1--12}
}

@inproceedings{schaffer_i_2019,
	address   = {New York, NY, USA},
	series    = {{IUI} '19},
	title     = {I {Can} {Do} {Better} than {Your} {AI}: {Expertise} and {Explanations}},
	isbn      = {978-1-4503-6272-6},
	doi       = {10.1145/3301275.3302308},
	booktitle = {Proceedings of the 24th {International} {Conference} on {Intelligent} {User} {Interfaces}},
	publisher = {Association for Computing Machinery},
	author    = {Schaffer, James and O'Donovan, John and Michaelis, James and Raglin, Adrienne and Höllerer, Tobias},
	year      = {2019},
	note      = {event-place: Marina del Ray, California},
	keywords  = {cognitive modeling, decision support systems, human-computer interaction, information systems, intelligent assistants, user interfaces},
	pages     = {240--251}
}

@inproceedings{weitz_you_2019,
	address   = {New York, NY, USA},
	series    = {{IVA} '19},
	title     = {Do You Trust Me?: Increasing {User}-{Trust} by {Integrating} {Virtual} {Agents} in {Explainable} {AI} {Interaction} {Design}},
	isbn      = {978-1-4503-6672-4},
	doi       = {10.1145/3308532.3329441},
	booktitle = {Proceedings of the 19th {ACM} {International} {Conference} on {Intelligent} {Virtual} {Agents}},
	publisher = {Association for Computing Machinery},
	author    = {Weitz, Katharina and Schiller, Dominik and Schlagowski, Ruben and Huber, Tobias and André, Elisabeth},
	year      = {2019},
	note      = {event-place: Paris, France},
	keywords  = {deep learning, explainable artificial intelligence, Explanation: Design, human-agent interaction, interpretability, trust, virtual agents},
	pages     = {7--9}
}

@inproceedings{sato_action-triggering_2019,
	title     = {Action-{Triggering} {Recommenders}: {Uplift} {Optimization} and {Persuasive} {Explanation}},
	doi       = {10.1109/ICDMW.2019.00155},
	booktitle = {2019 {International} {Conference} on {Data} {Mining} {Workshops} ({ICDMW})},
	author    = {Sato, Masahiro and Kawai, Shin and Nobuhara, Hajime},
	year      = {2019},
	note      = {ISSN: 2375-9259},
	keywords  = {causal inference, context-awareness, explainable recommendation, Explanation: Design, Measurement, Optimization methods, Predictive models, Protocols, recommendation effect, Recommender systems, Training, uplift modeling},
	pages     = {1060--1069}
}

@inproceedings{li_reasoning_2020,
	title     = {Reasoning about {When} to {Provide} {Explanation} for {Human}-involved {Self}-{Adaptive} {Systems}},
	doi       = {10.1109/ACSOS49614.2020.00042},
	booktitle = {2020 {IEEE} {International} {Conference} on {Autonomic} {Computing} and {Self}-{Organizing} {Systems} ({ACSOS})},
	author    = {Li, Nianyu and Cámara, Javier and Garlan, David and Schmerl, Bradley},
	year      = {2020},
	keywords  = {Adaptation models, Adaptive systems, Analytical models, Cognition, Model checking, Probabilistic logic, Time factors},
	pages     = {195--204}
}

@inproceedings{kohl_explainability_2019,
	title     = {Explainability as a {Non}-{Functional} {Requirement}},
	doi       = {10.1109/RE.2019.00046},
	booktitle = {2019 {IEEE} 27th {International} {Requirements} {Engineering} {Conference} ({RE})},
	author    = {Köhl, Maximilian A. and Baum, Kevin and Langer, Markus and Oster, Daniel and Speith, Timo and Bohlender, Dimitri},
	year      = {2019},
	note      = {ISSN: 2332-6441},
	keywords  = {Certification, certified explainability, Decision making, explainable systems, Organizational aspects, Personnel, requirements elicitation, requirements specification, Stakeholders, Standardization, terminology, Terminology},
	pages     = {363--368}
}

@inproceedings{meteier_workshop_2019,
	address   = {New York, NY, USA},
	series    = {{AutomotiveUI} '19},
	title     = {Workshop on {Explainable} {AI} in {Automated} {Driving}: {A} {User}-{Centered} {Interaction} {Approach}},
	isbn      = {978-1-4503-6920-6},
	doi       = {10.1145/3349263.3350762},
	booktitle = {Proceedings of the 11th {International} {Conference} on {Automotive} {User} {Interfaces} and {Interactive} {Vehicular} {Applications}: {Adjunct} {Proceedings}},
	publisher = {Association for Computing Machinery},
	author    = {Meteier, Quentin and Capallera, Marine and Angelini, Leonardo and Mugellini, Elena and Khaled, Omar Abou and Carrino, Stefano and De Salis, Emmanuel and Galland, Stéphane and Boll, Susanne},
	year      = {2019},
	note      = {event-place: Utrecht, Netherlands},
	keywords  = {automated driving, explainable artificial intelligence, trust in automation, user interface design, vehicle environment},
	pages     = {32--37}
}

@inproceedings{haspiel_explanations_2018,
	address   = {New York, NY, USA},
	series    = {{HRI} '18},
	title     = {Explanations and {Expectations}: {Trust} {Building} in {Automated} {Vehicles}},
	isbn      = {978-1-4503-5615-2},
	doi       = {10.1145/3173386.3177057},
	booktitle = {Companion of the 2018 {ACM}/{IEEE} {International} {Conference} on {Human}-{Robot} {Interaction}},
	publisher = {Association for Computing Machinery},
	author    = {Haspiel, Jacob and Du, Na and Meyerson, Jill and Robert Jr., Lionel P. and Tilbury, Dawn and Yang, X. Jessie and Pradhan, Anuj K.},
	year      = {2018},
	note      = {event-place: Chicago, IL, USA},
	keywords  = {human-machine interface, transparency, trust in avs},
	pages     = {119--120}
}

@inproceedings{de_almeida_investigating_2019,
	address   = {New York, NY, USA},
	series    = {{IHC} '19},
	title     = {Investigating {Google} {Dashboard}'s {Explainability} to {Support} {Individual} {Privacy} {Decision} {Making}},
	isbn      = {978-1-4503-6971-8},
	doi       = {10.1145/3357155.3358438},
	booktitle = {Proceedings of the 18th {Brazilian} {Symposium} on {Human} {Factors} in {Computing} {Systems}},
	publisher = {Association for Computing Machinery},
	author    = {de Almeida, Maria Clara G. and de Castro Salgado, Luciana C.},
	year      = {2019},
	note      = {event-place: Vitória, Espírito Santo, Brazil},
	keywords  = {data control, decision making, explanation, privacy}
}

@inproceedings{barik_improving_2015,
	title     = {Improving error notification comprehension in {IDEs} by supporting developer self-explanations},
	doi       = {10.1109/VLHCC.2015.7357233},
	booktitle = {2015 {IEEE} {Symposium} on {Visual} {Languages} and {Human}-{Centric} {Computing} ({VL}/{HCC})},
	author    = {Barik, Titus},
	year      = {2015},
	keywords  = {Cognition, Probabilistic logic},
	pages     = {293--294}
}

@inproceedings{kaptein_personalised_2017,
	title     = {Personalised self-explanation by robots: {The} role of goals versus beliefs in robot-action explanation for children and adults},
	doi       = {10.1109/ROMAN.2017.8172376},
	booktitle = {2017 26th {IEEE} {International} {Symposium} on {Robot} and {Human} {Interactive} {Communication} ({RO}-{MAN})},
	author    = {Kaptein, Frank and Broekens, Joost and Hindriks, Koen and Neerincx, Mark},
	year      = {2017},
	note      = {ISSN: 1944-9437},
	keywords  = {Aging, Diabetes, Games, Intelligent systems, Pediatrics, Psychology, Robots},
	pages     = {676--682}
}

@inproceedings{zolotas_towards_2019,
	title     = {Towards {Explainable} {Shared} {Control} using {Augmented} {Reality}},
	doi       = {10.1109/IROS40897.2019.8968117},
	booktitle = {2019 {IEEE}/{RSJ} {International} {Conference} on {Intelligent} {Robots} and {Systems} ({IROS})},
	author    = {Zolotas, Mark and Demiris, Yiannis},
	year      = {2019},
	note      = {ISSN: 2153-0866},
	pages     = {3020--3026}
}

@article{riveiro_thats_2021,
	title    = {“{That}'s (not) the output {I} expected!” {On} the role of end user expectations in creating explanations of {AI} systems},
	volume   = {298},
	issn     = {0004-3702},
	doi      = {10.1016/j.artint.2021.103507},
	journal  = {Artificial Intelligence},
	author   = {Riveiro, Maria and Thill, Serge},
	year     = {2021},
	keywords = {Contrastive, Counterfactual, Expectations, Explainable AI, Explanation: Kind, Explanations, Factual, Human-AI interaction, Machine behaviour, Mental models},
	pages    = {103507}
}

@article{martin_evaluating_2021,
	title    = {Evaluating {Explainability} {Methods} {Intended} for {Multiple} {Stakeholders}},
	issn     = {1610-1987},
	doi      = {10.1007/s13218-020-00702-6},
	urldate  = {2021-05-24},
	journal  = {KI - Künstliche Intelligenz},
	author   = {Martin, Kyle and Liret, Anne and Wiratunga, Nirmalie and Owusu, Gilbert and Kern, Mathias},
	year     = {2021},
	keywords = {Explanation: Evaluation Method}
}

@inproceedings{martin_developing_2019,
	address   = {Cham},
	series    = {Lecture {Notes} in {Computer} {Science}},
	title     = {Developing a {Catalogue} of {Explainability} {Methods} to {Support} {Expert} and {Non}-expert {Users}},
	isbn      = {978-3-030-34885-4},
	doi       = {10.1007/978-3-030-34885-4_24},
	booktitle = {Artificial {Intelligence} {XXXVI}},
	publisher = {Springer International Publishing},
	author    = {Martin, Kyle and Liret, Anne and Wiratunga, Nirmalie and Owusu, Gilbert and Kern, Mathias},
	editor    = {Bramer, Max and Petridis, Miltos},
	year      = {2019},
	keywords  = {Explainability, Information retrieval, Machine learning, Similarity modeling},
	pages     = {309--324}
}

@article{tsai_effects_2020,
	title   = {The effects of controllability and explainability in a social recommender system},
	issn    = {1573-1391},
	doi     = {10.1007/s11257-020-09281-5},
	urldate = {2021-05-24},
	journal = {User Modeling and User-Adapted Interaction},
	author  = {Tsai, Chun-Hua and Brusilovsky, Peter},
	year    = {2020}
}

@article{rosenfeld_explainability_2019,
	title   = {Explainability in human–agent systems},
	volume  = {33},
	issn    = {1573-7454},
	doi     = {10.1007/s10458-019-09408-y},
	number  = {6},
	urldate = {2021-05-24},
	journal = {Autonomous Agents and Multi-Agent Systems},
	author  = {Rosenfeld, Avi and Richardson, Ariella},
	year    = {2019},
	pages   = {673--705}
}

@article{weitz_let_2021,
	title      = {“{Let} me explain!”: exploring the potential of virtual agents in explainable {AI} interaction design},
	volume     = {15},
	issn       = {1783-8738},
	shorttitle = {“{Let} me explain!”},
	doi        = {10.1007/s12193-020-00332-0},
	number     = {2},
	urldate    = {2021-05-24},
	journal    = {Journal on Multimodal User Interfaces},
	author     = {Weitz, Katharina and Schiller, Dominik and Schlagowski, Ruben and Huber, Tobias and André, Elisabeth},
	year       = {2021},
	keywords   = {Explanation: Design},
	pages      = {87--98}
}

@article{hacker_explainable_2020,
	title      = {Explainable {AI} under contract and tort law: legal incentives and technical challenges},
	volume     = {28},
	issn       = {1572-8382},
	shorttitle = {Explainable {AI} under contract and tort law},
	doi        = {10.1007/s10506-020-09260-6},
	number     = {4},
	urldate    = {2021-05-24},
	journal    = {Artificial Intelligence and Law},
	author     = {Hacker, Philipp and Krestel, Ralf and Grundmann, Stefan and Naumann, Felix},
	year       = {2020},
	pages      = {415--439}
}

@inproceedings{rjoob_towards_2021,
	address   = {Cham},
	series    = {Lecture {Notes} in {Computer} {Science}},
	title     = {Towards {Explainable} {Artificial} {Intelligence} and {Explanation} {User} {Interfaces} to {Open} the ‘{Black} {Box}’ of {Automated} {ECG} {Interpretation}},
	isbn      = {978-3-030-68007-7},
	doi       = {10.1007/978-3-030-68007-7_6},
	booktitle = {Advanced {Visual} {Interfaces}. {Supporting} {Artificial} {Intelligence} and {Big} {Data} {Applications}},
	publisher = {Springer International Publishing},
	author    = {Rjoob, Khaled and Bond, Raymond and Finlay, Dewar and McGilligan, Victoria and Leslie, Stephen J. and Rababah, Ali and Iftikhar, Aleeha and Guldenring, Daniel and Knoery, Charles and McShane, Anne and Peace, Aaron},
	editor    = {Reis, Thoralf and Bornschlegl, Marco X. and Angelini, Marco and Hemmje, Matthias L.},
	year      = {2021},
	keywords  = {Artificial intelligence (AI), ECG interpretation, Explainable AI (XAI)},
	pages     = {96--108}
}

@inproceedings{ehsan_human-centered_2020,
	address    = {Cham},
	series     = {Lecture {Notes} in {Computer} {Science}},
	title      = {Human-{Centered} {Explainable} {AI}: {Towards} a {Reflective} {Sociotechnical} {Approach}},
	isbn       = {978-3-030-60117-1},
	shorttitle = {Human-{Centered} {Explainable} {AI}},
	doi        = {10.1007/978-3-030-60117-1_33},
	booktitle  = {{HCI} {International} 2020 - {Late} {Breaking} {Papers}: {Multimodality} and {Intelligence}},
	publisher  = {Springer International Publishing},
	author     = {Ehsan, Upol and Riedl, Mark O.},
	editor     = {Stephanidis, Constantine and Kurosu, Masaaki and Degen, Helmut and Reinerman-Jones, Lauren},
	year       = {2020},
	keywords   = {Artificial intelligence, Critical technical practice, Explainable AI, Human-centered computing, Interpretability, Machine learning, Rationale generation, Sociotechnical, User perception},
	pages      = {449--466}
}

@inproceedings{cassens_ambient_2019,
	address    = {Cham},
	series     = {Lecture {Notes} in {Computer} {Science}},
	title      = {Ambient {Explanations}: {Ambient} {Intelligence} and {Explainable} {AI}},
	isbn       = {978-3-030-34255-5},
	shorttitle = {Ambient {Explanations}},
	doi        = {10.1007/978-3-030-34255-5_30},
	booktitle  = {Ambient {Intelligence}},
	publisher  = {Springer International Publishing},
	author     = {Cassens, Jörg and Wegener, Rebekah},
	editor     = {Chatzigiannakis, Ioannis and De Ruyter, Boris and Mavrommati, Irene},
	year       = {2019},
	keywords   = {Ambient Intelligence, Context, Explanation: Evaluation Method, Explanation: When?, Explanations, Semiotics},
	pages      = {370--376}
}

@inproceedings{thomson_knowledge--information_2020,
	address    = {Cham},
	series     = {Lecture {Notes} in {Computer} {Science}},
	title      = {Knowledge-to-{Information} {Translation} {Training} ({KITT}): {An} {Adaptive} {Approach} to {Explainable} {Artificial} {Intelligence}},
	isbn       = {978-3-030-50788-6},
	shorttitle = {Knowledge-to-{Information} {Translation} {Training} ({KITT})},
	doi        = {10.1007/978-3-030-50788-6_14},
	booktitle  = {Adaptive {Instructional} {Systems}},
	publisher  = {Springer International Publishing},
	author     = {Thomson, Robert and Schoenherr, Jordan Richard},
	editor     = {Sottilare, Robert A. and Schwarz, Jessica},
	year       = {2020},
	keywords   = {Adaptive instructional systems, Explainable AI, Knowledge translation},
	pages      = {187--204}
}

@inproceedings{cirqueira_scenario-based_2020,
	address   = {Cham},
	series    = {Lecture {Notes} in {Computer} {Science}},
	title     = {Scenario-{Based} {Requirements} {Elicitation} for {User}-{Centric} {Explainable} {AI}},
	isbn      = {978-3-030-57321-8},
	doi       = {10.1007/978-3-030-57321-8_18},
	booktitle = {Machine {Learning} and {Knowledge} {Extraction}},
	publisher = {Springer International Publishing},
	author    = {Cirqueira, Douglas and Nedbal, Dietmar and Helfert, Markus and Bezbradica, Marija},
	editor    = {Holzinger, Andreas and Kieseberg, Peter and Tjoa, A Min and Weippl, Edgar},
	year      = {2020},
	keywords  = {Domain expert, Explainable artificial intelligence, Fraud detection, Requirements elicitation},
	pages     = {321--341}
}

@article{sokol_one_2020,
	title   = {One {Explanation} {Does} {Not} {Fit} {All}},
	volume  = {34},
	issn    = {1610-1987},
	doi     = {10.1007/s13218-020-00637-y},
	number  = {2},
	urldate = {2021-05-24},
	journal = {KI - Künstliche Intelligenz},
	author  = {Sokol, Kacper and Flach, Peter},
	year    = {2020},
	pages   = {235--250}
}

@inproceedings{lu_study_2017,
	address   = {Cham},
	series    = {Lecture {Notes} in {Computer} {Science}},
	title     = {A {Study} on {Interactive} {Explanation} {Boards} {Design} and {Evaluation} for {Active} {Aging} {Ecotourism}},
	isbn      = {978-3-319-58530-7},
	doi       = {10.1007/978-3-319-58530-7_11},
	booktitle = {Human {Aspects} of {IT} for the {Aged} {Population}. {Aging}, {Design} and {User} {Experience}},
	publisher = {Springer International Publishing},
	author    = {Lu, Li-Shu},
	editor    = {Zhou, Jia and Salvendy, Gavriel},
	year      = {2017},
	keywords  = {Active aging, Ecotourism, Explanation boards, Explanation: Design, Interactive design, Usability},
	pages     = {160--172}
}

@inproceedings{chari_explanation_2020,
	address    = {Cham},
	series     = {Lecture {Notes} in {Computer} {Science}},
	title      = {Explanation {Ontology}: {A} {Model} of {Explanations} for {User}-{Centered} {AI}},
	isbn       = {978-3-030-62466-8},
	shorttitle = {Explanation {Ontology}},
	doi        = {10.1007/978-3-030-62466-8_15},
	booktitle  = {The {Semantic} {Web} – {ISWC} 2020},
	publisher  = {Springer International Publishing},
	author     = {Chari, Shruthi and Seneviratne, Oshani and Gruen, Daniel M. and Foreman, Morgan A. and Das, Amar K. and McGuinness, Deborah L.},
	editor     = {Pan, Jeff Z. and Tamma, Valentina and d’Amato, Claudia and Janowicz, Krzysztof and Fu, Bo and Polleres, Axel and Seneviratne, Oshani and Kagal, Lalana},
	year       = {2020},
	keywords   = {Explainable AI, Explanation ontology, Modeling of explanations and explanation types, Supporting explainable ai in clinical decision making and decision support},
	pages      = {228--243}
}

@article{bharadhwaj_explanations_2018,
	title   = {Explanations for {Temporal} {Recommendations}},
	volume  = {32},
	issn    = {1610-1987},
	doi     = {10.1007/s13218-018-0560-x},
	number  = {4},
	urldate = {2021-05-24},
	journal = {KI - Künstliche Intelligenz},
	author  = {Bharadhwaj, Homanga and Joshi, Shruti},
	year    = {2018},
	pages   = {267--272}
}

@inproceedings{sovrano_modelling_2020,
	address   = {Cham},
	series    = {Lecture {Notes} in {Computer} {Science}},
	title     = {Modelling {GDPR}-{Compliant} {Explanations} for {Trustworthy} {AI}},
	isbn      = {978-3-030-58957-8},
	doi       = {10.1007/978-3-030-58957-8_16},
	booktitle = {Electronic {Government} and the {Information} {Systems} {Perspective}},
	publisher = {Springer International Publishing},
	author    = {Sovrano, Francesco and Vitali, Fabio and Palmirani, Monica},
	editor    = {Kő, Andrea and Francesconi, Enrico and Kotsis, Gabriele and Tjoa, A Min and Khalil, Ismail},
	year      = {2020},
	keywords  = {General Data Protection Regulation, Interactive explanatory tool, Trustworthy artificial intelligence},
	pages     = {219--233}
}

@inproceedings{neerincx_using_2018,
	address   = {Cham},
	series    = {Lecture {Notes} in {Computer} {Science}},
	title     = {Using {Perceptual} and {Cognitive} {Explanations} for {Enhanced} {Human}-{Agent} {Team} {Performance}},
	isbn      = {978-3-319-91122-9},
	doi       = {10.1007/978-3-319-91122-9_18},
	booktitle = {Engineering {Psychology} and {Cognitive} {Ergonomics}},
	publisher = {Springer International Publishing},
	author    = {Neerincx, Mark A. and van der Waa, Jasper and Kaptein, Frank and van Diggelen, Jurriaan},
	editor    = {Harris, Don},
	year      = {2018},
	keywords  = {Cognitive engineering, Design patterns, Explainable AI, Human-agent teamwork, Ontologies},
	pages     = {204--214}
}

@article{nunes_systematic_2017,
	title    = {A systematic review and taxonomy of explanations in decision support and recommender systems},
	volume   = {27},
	issn     = {1573-1391},
	doi      = {10.1007/s11257-017-9195-0},
	number   = {3},
	urldate  = {2021-05-24},
	journal  = {User Modeling and User-Adapted Interaction},
	author   = {Nunes, Ingrid and Jannach, Dietmar},
	year     = {2017},
	keywords = {Explanation: Design, Explanation: Purpose},
	pages    = {393--444}
}

@inproceedings{schrills_color_2020,
	address   = {Cham},
	series    = {Lecture {Notes} in {Computer} {Science}},
	title     = {Color for {Characters} - {Effects} of {Visual} {Explanations} of {AI} on {Trust} and {Observability}},
	isbn      = {978-3-030-50334-5},
	doi       = {10.1007/978-3-030-50334-5_8},
	booktitle = {Artificial {Intelligence} in {HCI}},
	publisher = {Springer International Publishing},
	author    = {Schrills, Tim and Franke, Thomas},
	editor    = {Degen, Helmut and Reinerman-Jones, Lauren},
	year      = {2020},
	keywords  = {Explainable AI, Explanation: Design, Human-AI interaction, Human-automation interaction, Machine learning, Trust in Automation},
	pages     = {121--135}
}

@inproceedings{sassoon_explainable_2019,
	address   = {Cham},
	series    = {Lecture {Notes} in {Computer} {Science}},
	title     = {Explainable {Argumentation} for {Wellness} {Consultation}},
	isbn      = {978-3-030-30391-4},
	doi       = {10.1007/978-3-030-30391-4_11},
	booktitle = {Explainable, {Transparent} {Autonomous} {Agents} and {Multi}-{Agent} {Systems}},
	publisher = {Springer International Publishing},
	author    = {Sassoon, Isabel and Kökciyan, Nadin and Sklar, Elizabeth and Parsons, Simon},
	editor    = {Calvaresi, Davide and Najjar, Amro and Schumacher, Michael and Främling, Kary},
	year      = {2019},
	keywords  = {Explainability, Explainable AI, Explanation, Interpretability, Transparency},
	pages     = {186--202}
}

@inproceedings{zhu_effects_2020,
	address   = {Cham},
	series    = {Lecture {Notes} in {Computer} {Science}},
	title     = {Effects of {Proactive} {Explanations} by {Robots} on {Human}-{Robot} {Trust}},
	isbn      = {978-3-030-62056-1},
	doi       = {10.1007/978-3-030-62056-1_8},
	booktitle = {Social {Robotics}},
	publisher = {Springer International Publishing},
	author    = {Zhu, Lixiao and Williams, Thomas},
	editor    = {Wagner, Alan R. and Feil-Seifer, David and Haring, Kerstin S. and Rossi, Silvia and Williams, Thomas and He, Hongsheng and Sam Ge, Shuzhi},
	year      = {2020},
	keywords  = {Explanation, Explanation: Kind, Human-robot interaction, Human-robot trust, Transparency},
	pages     = {85--95}
}

@inproceedings{goram_supporting_2019,
	address   = {Cham},
	series    = {Lecture {Notes} in {Computer} {Science}},
	title     = {Supporting {Privacy} {Control} and {Personalized} {Data} {Usage} {Explanations} in a {Context}-{Based} {Adaptive} {Collaboration} {Environment}},
	isbn      = {978-3-030-34974-5},
	doi       = {10.1007/978-3-030-34974-5_8},
	booktitle = {Modeling and {Using} {Context}},
	publisher = {Springer International Publishing},
	author    = {Goram, Mandy and Veiel, Dirk},
	editor    = {Bella, Gábor and Bouquet, Paolo},
	year      = {2019},
	keywords  = {Adaptive, Collaboration environment, Context-based, GDPR, Legal regulations, Personalized explanations, Privacy control},
	pages     = {84--97}
}

@inproceedings{wang_is_2018,
	address    = {Cham},
	series     = {Lecture {Notes} in {Computer} {Science}},
	title      = {Is {It} {My} {Looks}? {Or} {Something} {I} {Said}? {The} {Impact} of {Explanations}, {Embodiment}, and {Expectations} on {Trust} and {Performance} in {Human}-{Robot} {Teams}},
	isbn       = {978-3-319-78978-1},
	shorttitle = {Is {It} {My} {Looks}?},
	doi        = {10.1007/978-3-319-78978-1_5},
	booktitle  = {Persuasive {Technology}},
	publisher  = {Springer International Publishing},
	author     = {Wang, Ning and Pynadath, David V. and Rovira, Ericka and Barnes, Michael J. and Hill, Susan G.},
	editor     = {Ham, Jaap and Karapanos, Evangelos and Morita, Plinio P. and Burns, Catherine M.},
	year       = {2018},
	pages      = {56--69}
}

@inproceedings{vivacqua_explanations_2019,
	address   = {Panama City Panama},
	title     = {Explanations and sensemaking with {AI} and {HCI}},
	isbn      = {978-1-4503-7679-2},
	doi       = {10.1145/3358961.3359004},
	urldate   = {2021-05-24},
	booktitle = {Proceedings of the {IX} {Latin} {American} {Conference} on {Human} {Computer} {Interaction}},
	publisher = {ACM},
	author    = {Vivacqua, Adriana S and Stelling, Roberto and Garcia, Ana Cristina B and Gouvea, Livia C},
	year      = {2019},
	keywords  = {artificial intelligence, explainability, Explanation: Design, human computer interaction, human-centered AI, information visualization, machine learning},
	pages     = {1--4}
}

@inproceedings{wiegand_id_2020,
	address   = {Oldenburg Germany},
	title     = {“{I}’d like an {Explanation} for {That}!”{Exploring} {Reactions} to {Unexpected} {Autonomous} {Driving}},
	isbn      = {978-1-4503-7516-0},
	doi       = {10.1145/3379503.3403554},
	urldate   = {2021-05-24},
	booktitle = {22nd {International} {Conference} on {Human}-{Computer} {Interaction} with {Mobile} {Devices} and {Services}},
	publisher = {ACM},
	author    = {Wiegand, Gesa and Eiband, Malin and Haubelt, Maximilian and Hussmann, Heinrich},
	year      = {2020},
	keywords  = {Autonomous driving., Explainable AI, Explanation: Interaction?, Explanation: When?, Unexpected driving behavior},
	pages     = {1--11}
}

@inproceedings{zahedi_towards_2019,
	address   = {Daegu, Korea (South)},
	title     = {Towards {Understanding} {User} {Preferences} for {Explanation} {Types} in {Model} {Reconciliation}},
	isbn      = {978-1-5386-8555-6},
	doi       = {10.1109/HRI.2019.8673097},
	urldate   = {2021-05-24},
	booktitle = {2019 14th {ACM}/{IEEE} {International} {Conference} on {Human}-{Robot} {Interaction} ({HRI})},
	publisher = {IEEE},
	author    = {Zahedi, Zahra and Olmo, Alberto and Chakraborti, Tathagata and Sreedharan, Sarath and Kambhampati, Subbarao},
	year      = {2019},
	keywords  = {Artificial intelligence, Cognitive science, Computational modeling, Context modeling, Logistics, Planning},
	pages     = {648--649}
}

@inproceedings{yamada_evaluating_2016,
	address   = {Kumamoto, Japan},
	title     = {Evaluating {Explanation} {Function} in {Railway} {Crew} {Rescheduling} {System} by {Think}-{Aloud} {Test}},
	isbn      = {978-1-4673-8985-3},
	doi       = {10.1109/IIAI-AAI.2016.93},
	urldate   = {2021-05-24},
	booktitle = {2016 5th {IIAI} {International} {Congress} on {Advanced} {Applied} {Informatics} ({IIAI}-{AAI})},
	publisher = {IEEE},
	author    = {Yamada, Takaaki and Sato, Tatsuhiro and Tomiyama, Tomoe and Ueki, Nobutaka},
	year      = {2016},
	keywords  = {Decision making, explanation function, interaction, Interactive systems, Rail transportation, railway crew, Railway engineering, Real-time systems, Schedules, scheduling, Testing, think-aloud},
	pages     = {991--994}
}

@incollection{chi_three_nodate,
	title     = {Three types of conceptual change: Belief revision, mental model transformation, and categorical shift},
	author    = {Chi, Michelene TH},
	booktitle = {International handbook of research on conceptual change},
	pages     = {89--110},
	year      = {2009},
	publisher = {Routledge},
	isbn      = {9780203874813}
}

@inproceedings{ribera2019can,
	title     = {Can we do better explanations? A proposal of user-centered explainable AI.},
	author    = {Ribera, Mireia and Lapedriza, Agata},
	booktitle = {IUI Workshops},
	year      = {2019}
}

@inproceedings{wiegand2019drive,
	title     = {I drive-you trust: Explaining driving behavior of autonomous cars},
	author    = {Wiegand, Gesa and Schmidmaier, Matthias and Weber, Thomas and Liu, Yuanting and Hussmann, Heinrich},
	booktitle = {Extended abstracts of the 2019 chi conference on human factors in computing systems},
	pages     = {1--6},
	year      = {2019},
	doi       = {10.1145/3290607.3312817}
}

@article{chazette_knowledge_nodate,
	title    = {A {Knowledge} {Catalogue} for {Explainability}: {Definitions}, {Impacts}, and {Dimensions}},
	year     = {2021},
	author   = {Chazette, Larissa and Brunotte, Wasja and Speith, Timo},
	keywords = {Explainability, Explanations, Interpretability, Non-Functional Requirements, Quality Aspects, Requirements Synergy, Software Transparency},
	pages    = {12}
}

@article{gunning2019darpa,
	title   = {DARPA’s explainable artificial intelligence (XAI) program},
	author  = {Gunning, David and Aha, David},
	journal = {AI Magazine},
	volume  = {40},
	number  = {2},
	pages   = {44--58},
	year    = {2019},
	doi     = {10.1609/aimag.v40i2.2850}
}

@misc{doshi2017towards,
	title   = {Towards a rigorous science of interpretable machine learning},
	author  = {Doshi-Velez, Finale and Kim, Been},
	year    = {2017}
}

@inproceedings{lim_2009_assessing,
	title     = {Assessing demand for intelligibility in context-aware applications},
	author    = {Lim, Brian Y and Dey, Anind K},
	booktitle = {Proceedings of the 11th international conference on Ubiquitous computing},
	pages     = {195--204},
	year      = {2009},
	doi       = {10.1145/1620545.1620576}
}

@inproceedings{cheng2019explaining,
	title     = {Explaining decision-making algorithms through UI: Strategies to help non-expert stakeholders},
	author    = {Cheng, Hao-Fei and Wang, Ruotong and Zhang, Zheng and O'Connell, Fiona and Gray, Terrance and Harper, F Maxwell and Zhu, Haiyi},
	booktitle = {Proceedings of the 2019 chi conference on human factors in computing systems},
	pages     = {1--12},
	year      = {2019},
	doi       = {10.1145/3290605.3300789}
}

@article{koo_understanding_2016,
	title   = {Understanding driver responses to voice alerts of autonomous car operations},
	volume  = {70},
	issn    = {0143-3369, 1741-5314},
	doi     = {10.1504/IJVD.2016.076740},
	number  = {4},
	urldate = {2021-05-26},
	journal = {International Journal of Vehicle Design},
	author  = {Koo, Jeamin and Shin, Dongjun and Steinert, Martin and Leifer, Larry},
	year    = {2016},
	pages   = {377}
}

@article{koo_why_2015,
	title      = {Why did my car just do that? {Explaining} semi-autonomous driving actions to improve driver understanding, trust, and performance},
	volume     = {9},
	issn       = {1955-2513, 1955-2505},
	shorttitle = {Why did my car just do that?},
	doi        = {10.1007/s12008-014-0227-2},
	number     = {4},
	urldate    = {2021-05-26},
	journal    = {International Journal on Interactive Design and Manufacturing (IJIDeM)},
	author     = {Koo, Jeamin and Kwac, Jungsuk and Ju, Wendy and Steinert, Martin and Leifer, Larry and Nass, Clifford},
	year       = {2015},
	pages      = {269--275}
}

@misc{hoffman_metrics_nodate,
	title  = {Metrics for {Explainable} {AI}: {Challenges} and {Prospects}},
	author = {Hoffman, Robert R and Mueller, Shane T and Klein, Gary and Litman, Jordan},
	pages  = {50},
	year   = {2018}
}

@incollection{tintarev_designing_nodate,
	title     = {Designing and evaluating explanations for recommender systems},
	author    = {Tintarev, Nava and Masthoff, Judith},
	booktitle = {Recommender systems handbook},
	pages     = {479--510},
	year      = {2011},
	publisher = {Springer},
	doi       = {10.1007/978-0-387-85820-3}
}

@article{sato_context_nodate,
	title     = {Context style explanation for recommender systems},
	author    = {Sato, Masahiro and Nagatani, Koki and Sonoda, Takashi and Zhang, Qian and Ohkuma, Tomoko},
	journal   = {Journal of Information Processing},
	volume    = {27},
	pages     = {720--729},
	year      = {2019},
	publisher = {Information Processing Society of Japan},
	doi       = {10.2197/ipsjjip.27.720}
}

@inproceedings{tintarev2007survey,
	title        = {A survey of explanations in recommender systems},
	author       = {Tintarev, Nava and Masthoff, Judith},
	booktitle    = {2007 IEEE 23rd international conference on data engineering workshop},
	pages        = {801--810},
	year         = {2007},
	organization = {IEEE},
	doi          = {10.1109/ICDEW.2007.4401070}
}

@book{wohlin2012experimentation,
	title     = {Experimentation in software engineering},
	author    = {Wohlin, Claes and Runeson, Per and H{\"o}st, Martin and Ohlsson, Magnus C and Regnell, Bj{\"o}rn and Wessl{\'e}n, Anders},
	year      = {2012},
	publisher = {Springer Science \& Business Media},
	isbn      = {3642290434}
}

@inproceedings{carvalho2020developers,
	title        = {How developers believe Invisibility impacts NFRs related to User Interaction},
	author       = {Carvalho, Rainara Maia and Andrade, Rossana MC and Oliveira, K{\'a}thia M},
	booktitle    = {2020 IEEE 28th International Requirements Engineering Conference (RE)},
	pages        = {102--112},
	year         = {2020},
	organization = {IEEE},
	doi          = {10.1109/RE48521.2020.00022}
}

@misc{international2011iso,
	title     = {ISO/IEC 25010: Systems and software engineering-systems and Software Quality Requirements and Evaluation (SQuaRE)},
	author    = {INTERNATIONAL ORGANIZATION FOR STANDARDIZATION},
	year      = {2011},
	publisher = {System and software quality models Geneva}
}

@misc{international1992ieee,
	title     = {IEEE 1061-1992 - IEEE Standard for a Software Quality Metrics Methodology},
	author    = {IEEE Computer Society},
	year      = {1992},
    url          = {https://standards.ieee.org/standard/1061-1992.html},
    urldate      = {2021-09-23},
	publisher = {IEEE Computer Society}
}

@article{chazette2020explainability,
	title     = {Explainability as a non-functional requirement: challenges and recommendations},
	author    = {Chazette, Larissa and Schneider, Kurt},
	journal   = {Requirements Engineering},
	volume    = {25},
	number    = {4},
	pages     = {493--514},
	year      = {2020},
	publisher = {Springer},
	doi       = {10.1007/s00766-020-00333-1}
}

@phdthesis{wang_integration_2020,
	type   = {Bachelor},
	title  = {Integration and {Evaluation} of {Explanations} in the {Context} of a {Navigation} {App}},
	school = {Leibniz University Hanover},
	author = {Wang, Zhongpin},
	year   = {2020}
}

@book{schneider2012abenteuer,
	title     = {Abenteuer Softwarequalit{\"a}t: Grundlagen und Verfahren f{\"u}r Qualit{\"a}tssicherung und Qualit{\"a}tsmanagement},
	author    = {Schneider, Kurt},
	year      = {2012},
	publisher = {dpunkt. verlag},
	isbn      = {3898647846}
}

@misc{briand1995goal,
	title     = {Goal-driven definition of product metrics based on properties},
	author    = {Briand, Lionel and Morasca, Sandro and Basili, Victor R},
	year      = {1995},
	publisher = {NASA National Aeronautics and Space Administration}
}

@inproceedings{anjomshoae2019explainable,
	title        = {Explainable agents and robots: Results from a systematic literature review},
	author       = {Anjomshoae, Sule and Najjar, Amro and Calvaresi, Davide and Fr{\"a}mling, Kary},
	booktitle    = {18th International Conference on Autonomous Agents and Multiagent Systems (AAMAS 2019), Montreal, Canada, May 13--17, 2019},
	pages        = {1078--1088},
	year         = {2019},
	organization = {International Foundation for Autonomous Agents and Multiagent Systems},
	isbn         = {978-1-4503-6309-9}
}

@book{golledge1999wayfinding,
	title     = {Wayfinding behavior: Cognitive mapping and other spatial processes},
	author    = {Golledge, Reginald G and others},
	year      = {1999},
	publisher = {JHU press},
	isbn      = {080185993X}
}

@article{rajnish2010quality,
	author  = {Rajnish, Ranjana and Dev, Prof and Rajnish, Vyas},
	year    = {2010},
	pages   = {},
	title   = {Writing Quality Requirements (SRS): An Approach To Manage Requirements Volatility},
	volume  = {1},
	journal = {Indian Journal of Computer Science and Engineering}
}

@book{alexander2002writing,
	title     = {Writing better requirements},
	author    = {Alexander, Ian F and Stevens, Richard},
	year      = {2002},
	publisher = {Pearson Education},
	isbn      = {9780321131638}
}

@incollection{tintarev2015explaining,
	title     = {Explaining recommendations: Design and evaluation},
	author    = {Tintarev, Nava and Masthoff, Judith},
	booktitle = {Recommender systems handbook},
	pages     = {353--382},
	year      = {2015},
	publisher = {Springer},
	doi       = {10.1007/978-1-4899-7637-6_10}
}

@incollection{chung2009non,
	title     = {On non-functional requirements in software engineering},
	author    = {Chung, Lawrence and do Prado Leite, Julio Cesar Sampaio},
	booktitle = {Conceptual modeling: Foundations and applications},
	pages     = {363--379},
	year      = {2009},
	publisher = {Springer},
	doi       = {10.1007/978-3-642-02463-4_19}
}

@book{hleg2019policy,
	author    = {{High-Level Expert Group on Artificial Intelligence}},
	title     = {Policy and investment recommendations for trustworthy AI},
	subtitle  = {A subtitle (optional)},
	year      = {2019},
	publisher = {The European Commission}
}

@book{norman1988psychology,
	title     = {The psychology of everyday things},
	author    = {Norman, Donald A},
	year      = {1988},
	publisher = {Basic books},
	doi       = {10.1016/0004-3702(89)90083-0}
}

@incollection{cypko2017guide,
	title     = {A guide for constructing bayesian network graphs of cancer treatment decisions},
	author    = {Cypko, Mario A and Stoehr, Matthaeus and Oeltze-Jafra, Steffen and Dietz, Andreas and Lemke, Heinz U},
	booktitle = {MEDINFO 2017: Precision Healthcare through Informatics},
	pages     = {1355--1355},
	year      = {2017},
	publisher = {IOS Press},
	doi       = {10.3233/978-1-61499-830-3-1355}
}

@inproceedings{cawsey1991generating,
	title        = {Generating Interactive Explanations},
	author       = {Cawsey, Alison},
	booktitle    = {AAAI},
	pages        = {86--91},
	year         = {1991},
	organization = {Citeseer}
}

@incollection{byrne1991construction,
	title     = {The construction of explanations},
	author    = {Byrne, Ruth MJ},
	booktitle = {AI and Cognitive Science’90},
	pages     = {337--351},
	year      = {1991},
	publisher = {Springer},
	doi       = {10.1007/978-1-4471-3542-5_21}
}


@inproceedings{gilpin_explaining_2018,
	title     = {Explaining {Explanations}: {An} {Overview} of {Interpretability} of {Machine} {Learning}},
	doi       = {10.1109/DSAA.2018.00018},
	booktitle = {2018 {IEEE} 5th {International} {Conference} on {Data} {Science} and {Advanced} {Analytics} ({DSAA})},
	author    = {Gilpin, Leilani H. and Bau, David and Yuan, Ben Z. and Bajwa, Ayesha and Specter, Michael and Kagal, Lalana},
	year      = {2018},
	keywords  = {Artificial intelligence, Taxonomy, Biological neural networks, Computational modeling, Decision trees, Complexity theory, Deep learning and deep analytics, Fairness and transparency in data science, Machine learning theories, Models and systems},
	pages     = {80--89}
}

@inproceedings{fong_interpretable_2017,
	title     = {Interpretable {Explanations} of {Black} {Boxes} by {Meaningful} {Perturbation}},
	doi       = {10.1109/ICCV.2017.371},
	booktitle = {2017 {IEEE} {International} {Conference} on {Computer} {Vision} ({ICCV})},
	author    = {Fong, Ruth C. and Vedaldi, Andrea},
	year      = {2017},
	note      = {ISSN: 2380-7504},
	keywords  = {Neural networks, Visualization, Prediction algorithms, Perturbation methods, Machine learning algorithms, Gradient methods, Backpropagation},
	pages     = {3449--3457}
}

@incollection{samek_towards_2019,
	series    = {Lecture {Notes} in {Computer} {Science}},
	title     = {Towards {Explainable} {Artificial} {Intelligence}},
	isbn      = {978-3-030-28954-6},
	urldate   = {2021-05-24},
	booktitle = {Explainable {AI}: {Interpreting}, {Explaining} and {Visualizing} {Deep} {Learning}},
	publisher = {Springer International Publishing},
	author    = {Samek, Wojciech and Müller, Klaus-Robert},
	year      = {2019},
	doi       = {10.1007/978-3-030-28954-6_1},
	pages     = {5--22}
}

@online{eu_verordnung_2016,
	chapter    = {KAPITEL 1 - Allgemeine bestimmungen},
	title      = {{Verordnung} ({EU}) 2016/679 {des} {europäischen} {Parlaments} {und} {des} {Rates} zum {Schutz} natürlicher {Personen} bei der {Verarbeitung} personenbezogener {Daten}, zum freien {Datenverkehr} und zur {Aufhebung} der {Richtlinie} 95/46/{EG} ({Datenschutz}-{Grundverordnung})},
	shorttitle = {{Datenschutz-Grundverordnung}},
	url        = {https://eur-lex.europa.eu/legal-content/DE/TXT/HTML/?uri=CELEX:32016R0679&qid=1629269806673&from=EN#d1e40-1-1},
	urldate    = {2021-08-18},
	author     = {{Europäisches Parlament} and {Rat der euopäischen Union}},
	year       = {2016}
}

@misc{mosseri_shedding_2021,
	title   = {Shedding {More} {Light} on {How} {Instagram} {Works}},
	url     = {https://about.instagram.com/blog/announcements/shedding-more-light-on-how-instagram-works},
	urldate = {2021-08-18},
	author  = {Mosseri, Adam},
	year    = {2021}
}


@misc{tiktok_technology_limited_how_2021,
	title   = {How {TikTok} recommends videos \#{ForYou}},
	url     = {https://newsroom.tiktok.com/en-us/how-tiktok-recommends-videos-for-you/},
	urldate = {2021-08-18},
	author  = {{TikTok Technology Limited}},
	year    = {2021}
}

@online{cfpb_regulation_2018,
	title      = {12 CFR Part 1002 - Equal Credit Opportunity Act (Regulation B)},
	shorttitle = {{Datenschutz}-{Grundverordnung}},
	url        = {https://www.consumerfinance.gov/rules-policy/regulations/1002/9/},
	urldate    = {2021-08-18},
	author     = {Consumer Financial Protection Bureau},
	year       = {2018}
}

@article{dunn1964multiple,
	title     = {Multiple comparisons using rank sums},
	author    = {Dunn, Olive Jean},
	journal   = {Technometrics},
	volume    = {6},
	number    = {3},
	pages     = {241--252},
	year      = {1964},
	publisher = {Taylor \& Francis},
	doi       = {10.1080/00401706.1964.10490181}
}

@article{BAHR2011776,
	title    = {How and why pop-ups don’t work: Pop-up prompted eye movements, user affect and decision making},
	journal  = {Computers in Human Behavior},
	volume   = {27},
	number   = {2},
	pages    = {776-783},
	year     = {2011},
	note     = {Web 2.0 in Travel and Tourism: Empowering and Changing the Role of Travelers},
	issn     = {0747-5632},
	doi      = {10.1016/j.chb.2010.10.030},
	author   = {G. Susanne Bahr and Richard A. Ford},
	keywords = {Pop-ups, Affect, Eye tracking, Designing for security, Polite interaction, Design guidelines}
}

@article{basili1988tame,
	author  = {Basili, V.R. and Rombach, H.D.},
	journal = {IEEE Transactions on Software Engineering},
	title   = {The TAME project: towards improvement-oriented software environments},
	year    = {1988},
	volume  = {14},
	number  = {6},
	pages   = {758-773},
	doi     = {10.1109/32.6156}
}

@article{kitchenham2004procedures,
	title   = {Procedures for performing systematic reviews},
	author  = {Kitchenham, Barbara},
	journal = {Keele, UK, Keele University},
	volume  = {33},
	number  = {2004},
	pages   = {1--26},
	year    = {2004},
	doi     = {10.1016/j.infsof.2008.09.009}
}

@inproceedings{mahoney2019framework,
	title        = {A Framework for Explainable Text Classification in Legal Document Review},
	author       = {Mahoney, Christian J and Zhang, Jianping and Huber-Fliflet, Nathaniel and Gronvall, Peter and Zhao, Haozhen},
	booktitle    = {2019 IEEE International Conference on Big Data (Big Data)},
	pages        = {1858--1867},
	year         = {2019},
	organization = {IEEE},
	doi          = {10.1109/BigData47090.2019.9005659}
}

@inproceedings{salgado_cultural_2015,
	author    = {Salgado, Luciana and Pereira, Roberto and Gasparini, Isabela},
	editor    = {Kurosu, Masaaki},
	title     = {Cultural Issues in HCI: Challenges and Opportunities},
	booktitle = {Human-Computer Interaction: Design and Evaluation},
	year      = {2015},
	publisher = {Springer International Publishing},
	address   = {Cham},
	pages     = {60--70},
	isbn      = {978-3-319-20901-2},
	doi       = {10.1007/978-3-319-20901-2_6}
}

@article{carvalho2017quality,
	title     = {Quality characteristics and measures for human--computer interaction evaluation in ubiquitous systems},
	author    = {Carvalho, Rainara Maia and de Castro Andrade, Rossana Maria and de Oliveira, K{\'a}thia Mar{\c{c}}al and de Sousa Santos, Ismayle and Bezerra, Carla Ilane Moreira},
	journal   = {Software Quality Journal},
	volume    = {25},
	number    = {3},
	pages     = {743--795},
	year      = {2017},
	publisher = {Springer},
	doi       = {0.1145/1864349.1864395}
}

@article{du2019look,
	title     = {Look who’s talking now: Implications of AV’s explanations on driver’s trust, AV preference, anxiety and mental workload},
	author    = {Du, Na and Haspiel, Jacob and Zhang, Qiaoning and Tilbury, Dawn and Pradhan, Anuj K and Yang, X Jessie and Robert Jr, Lionel P},
	journal   = {Transportation research part C: emerging technologies},
	volume    = {104},
	pages     = {428--442},
	year      = {2019},
	publisher = {Elsevier},
	doi       = {10.1016/j.trc.2019.05.025}
}

@article{do2010software,
	title     = {Software transparency},
	author    = {do Prado Leite, Julio Cesar Sampaio and Cappelli, Claudia},
	journal   = {Business \& Information Systems Engineering},
	volume    = {2},
	number    = {3},
	pages     = {127--139},
	year      = {2010},
	publisher = {Springer},
	doi       = {10.1007/s12599-010-0102-z}
}

@misc{nielsen10usability,
	title   = {Usability heuristics for user interface design},
	author  = {Nielsen, Jakob},
	url     = {https://www.nngroup.com/articles/ten-usability-heuristics/},
	urldate = {2021-09-24},
	year    = {2010}
}

@book{shneiderman2016designing,
	title     = {Designing the user interface: strategies for effective human-computer interaction},
	author    = {Shneiderman, Ben and Plaisant, Catherine and Cohen, Maxine S and Jacobs, Steven and Elmqvist, Niklas and Diakopoulos, Nicholas},
	year      = {2016},
	publisher = {Pearson},
	doi       = {0321601483}
}

@article{leyes2013detecting,
	author  = {Leys, Christophe and Ley, Christophe and Klein, Olivier and Bernard, Philippe and Licata, Laurent},
	year    = {2013},
	pages   = {764–766},
	title   = {Detecting outliers: Do not use standard deviation around the mean, use absolute deviation around the median},
	volume  = {49},
	journal = {Journal of Experimental Social Psychology},
	doi     = {10.1016/j.jesp.2013.03.013}
}

@article{4012630,
	author  = {Gorschek, Tony and Garre, Per and Larsson, Stig and Wohlin, Claes},
	journal = {IEEE Software},
	title   = {A Model for Technology Transfer in Practice},
	year    = {2006},
	volume  = {23},
	number  = {6},
	pages   = {88-95},
	doi     = {10.1109/MS.2006.147}
}